@book{rosenstein1982linear,
  title={Linear orderings},
  author={Rosenstein, Joseph G},
  year={1982},
  publisher={Academic press},
  url={https://libgen.lc/search.php?req=+Linear+orderings}
}
